@misc{atos,
  title = {{Atos}},
  howpublished = {\url{https://atos.net/fr/}},
  year={11 Juin 2018}
}
@misc{atosnumbers,
  title = {{Atos en chiffre}},
  howpublished = {\url{https://fr.wikipedia.org/wiki/Atos}},
  year={11 Juin 2018}
}

@misc{fibonacci,
  title = {{Suite de Fibonacci}},
  howpublished = {\url{https://fr.wikipedia.org/wiki/Suite_de_Fibonacci}},
  year={20 Juin 2018}
}

@misc{flickr,
  title = {{Flickr}},
  howpublished = {\url{https://www.flickr.com}},
}
@misc{hp,
  title = {{HP}},
  howpublished = {\url{https://www8.hp.com/emea_africa/en/home.html}},
}
@misc{agile,
  title = {{V. One. 10th annual state of Agile development survey}},
  howpublished = {\url{https://versionone.com/pdf/VersionOne-10th-Annual-
State-of-Agile-Report:pdf}},
  note = 2016
}

@misc{immuable,
  title = {{Understanding Mutable and Immutable Infrastructure}, A Practical Guide for Deploying Immutable Infrastructure},
  howpublished = {\url{https://www.sumologic.com/devops/devops-as-a-service/understanding-mutable-and-immutable-infrastructure/}},
  note = 2018
}

@misc{devops,
  title = {{Puppet and DevOps Research and Assessments
(DORA). 2016 state of DevOps Report.}},
  howpublished = {\url{https://puppet.com/system/les/2016-06/2016\%
20State\%20of\%20DevOps\%20Report 0:pdf}},
  note = 2016
}
@misc{devopsdef,
  title = {{Qu'est-ce que le DevOps ?}},
  howpublished = {\url{https://aws.amazon.com/fr/devops/what-is-devops/}},
  note = 2018
}
@misc{virtualisation,
  title = {{Red Hat, Inc} Virtualisation},
  howpublished = {\url{https://www.redhat.com/fr/topics/virtualization}},
  note = {10 Juin 2018}
}
@misc{virtualization,
  title = {{OpenSource} Virtualization},
  howpublished = {\url{https://opensource.com/resources/virtualization}},
  note = {27 Mai 2018}
}
@misc{conteneurisation,
  author = {S. Singh},
  title = {Virtualization vs Containerization},
  howpublished = {\url{https://medium.com/@shubhanshusingh/virtualization-vs-containerization-8e05bd808a8a}},
  note = {15 Avril 2016}
}
@Article{automatisation,
author = {R. Koller},
title = {Automatisation : a? la rencontre des DevOps},
journal = {ICT journal},
year = {Mars 2014}
}
@misc{ci,
  author = {M. Sauve},
  title = {Continuous Integration},
  howpublished = {\url{http://people.redhat.com/mlessard/ansiblemtl/presentations/nov2016/CICD.pdf}},
}

@misc{cd,
  author = {M. Fawler},
  title = {Culture of Automation CI/CD},
  howpublished = {\url{http://www.dccia.ua.es/dccia/inf/asignaturas/MADS/2013-14/lecturas/10_Fowler_Continuous_Integration.pdf}},
  year = {01 Mai 2006}
}

@misc{flickrstat,
  title = {{10+ deploys per day:
Dev and ops cooperation at Flickr.}},
  author= {J. Allspaw and P. Hammond},
  howpublished = {\url{https://www.youtube.com/watch?v=LdOe18KhtT4}},
  year={21 Avril 2016}
}
@misc{hpstat,
  title = {{Evidence and case studies.}},
  author= {J. Humble},
  howpublished = {\url{http://continuousdelivery:com/evidence-case-studies/}},
  year={29 Avril 2016}
}
@misc{iac,
  title = {{Infrastructure as Code Tutorial}},
  author= {A. Starostenko},
  howpublished = {\url{https://hackernoon.com/infrastructure-as-code-tutorial-e0353b530527}},
  year={01 Fevrier 2018}
}
@misc{googletrends,
  title = {{Google Search Trends.}},
  howpublished = {\url{https://www.google.com/trends/}},
  year={11 Juin 2018}
}
@misc{cloud,
  title = {{ Ce qu’il faut savoir sur
le cloud computing...}},
  howpublished = {\url{http://www.medinsoft.com/website/custom/module/cms/content/file/Ce_qu_il_faut_savoir_sur_le_Cloud....pdf}},
  year={Novembre 2012}
}

@misc{iacdevops,
  title = {{DevOps et l’Infrastructure as a code}},
  howpublished = {\url{https://hackernoon.com/infrastructure-as-code-tutorial-e0353b530527}},
  year={13 Janvier 2017}
}

@misc{terraform,
  title = {{Terraform}},
  howpublished = {\url{https://www.terraform.io}},
}

@misc{procdev,
  title = {{Processus de Developpement Logiciel}},
  author= {Pierre Gerard},
  howpublished = {\url{http://www-lipn.univ-paris13.fr/~gerard/docs/cours/methodo-support.pdf}},
  year={2007-2008}
}

@misc{agile-lean,
  title = {{Lean Product Development vs. Agile}},
  author= {C. Smith},
  howpublished = {\url{https://medium.com/@carolinekyungae/lean-product-development-vs-agile-77b5a68e612a}},
  year={30 Novembre 2016}
}

@Book{kanban,
title = {{Priming Kanban}, A 10 step guide to optimizing flow in your software delivery system},
publisher = {Trifork A/S},
year = {Fevrier 2012},
author= {JESPER BOEG}
}

@misc{centos,
  title = {{Le blog technique de Microlinux}},
  howpublished = {\url{https://blog.microlinux.fr/presentation-de-centos/}},
  year={04 Juillet 2017}
}

@misc{centos-vs-ubuntu,
  title = {{Linux distribution comparison}},
  howpublished = {\url{https://www.fasthosts.co.uk/blog/servers/linux-distribution-comparison}},
  year={06 Septembre 2017}
}
@misc{git,
  title = {{Git documentation}},
  howpublished = {\url{https://git-scm.com/}},
  year={Juin 2018}
}
@misc{windows,
  title = {{Windows}},
  howpublished = {\url{https://www.microsoft.com/fr-fr/windows/}},
  year={Juin 2018}
}
@misc{apple,
  title = {{OS X Apple}},
  howpublished = {\url{https://www.apple.com}},
  year={Juin 2018}
}
@misc{linux,
  title = {{Linux}},
  howpublished = {\url{https://www.linux.org}},
  year={Juin 2018}
}
@misc{debian,
  title = {{Debian}},
  howpublished = {\url{https://www.debian.org}},
  year={Juin 2018}
}
@misc{cvssvn,
  title = {{CVS vs SVN}},
  howpublished = {\url{http://www.pushok.com/software/svn-vscvs.html}},
  year={Juin 2018}
}
@misc{gitmercurial,
  title = {{Mercurial vs Git: Scaling and Architecture}},
  author= {P. Shukla},
  howpublished = {\url{https://medium.com/@prasoon2211/mercurial-vs-git-scaling-and-architecture-94f70bb206ef}},
  year={10 Juillet 2014}
}
@misc{ansiblechefpuppet,
  title = {{Puppet vs. Chef vs. Ansible}},
  author= {A. Raza},
  howpublished = {\url{https://www.intigua.com/blog/puppet-vs.-chef-vs.-ansible-vs.-saltstack}},
  year={27 Septembre 2016}
}
@misc{ruby,
  title = {{Ruby}},
  howpublished = {\url{https://www.ruby-lang.org/fr/}},
  year={Juin 2018}
}

@Book{ansibledevops,
title = {{Ansible for DevOps}, Server and configuration management for humans},
publisher = {Leanpub},
year = {26 Septembre 2015},
author= {J. Geerling}
}

@misc{packer,
  title = {{Packer}, Build Automated Machine Images},
  howpublished = {\url{https://www.packer.io}},
  year={Juin 2018}
}

@misc{depotprojets,
  title = {{What are the best self-hosted web-based Git repository managers?}},
  howpublished = {\url{https://www.slant.co/topics/1440/~self-hosted-web-based-git-repository-managers}},
  year={Juin 2018}
}

@misc{nexus,
  title = {{Nexus Repository}, Contrôle des flux pour les binaires, artefacts de build et les candidats au déploiement.},
  howpublished = {\url{https://fr.sonatype.com/nexus-repository-sonatype}},
  year={Juin 2018}
}

@misc{jenkins,
  title = {{Jenkins}},
  howpublished = {\url{https://jenkins.io}},
  year={Juin 2018}
}
@misc{runner,
  title = {{Gitlab Runner}},
  howpublished = {\url{https://docs.gitlab.com/runner/}},
  year={Juin 2018}
}
@misc{sonar,
  title = {{SonarQube}},
  howpublished = {\url{https://www.sonarqube.org}},
  year={Juin 2018}
}
@misc{docker,
  title = {{Docker}},
  howpublished = {\url{https://www.docker.com}},
  year={Juin 2018}
}
@misc{dockeralt,
  author={T. Nolle},
  title = {{When to use Docker alternatives}},
  howpublished = {\url{https://searchitoperations.techtarget.com/tip/When-to-use-Docker-alternatives-rkt-and-LXD}},
  year={Juin 2018}
}
@misc{kubernetes,
  author={J. Pearson},
  title = {{Container Wars: Kubernetes vs. Docker Swarm vs. Amazon ECS}},
  howpublished = {\url{https://caylent.com/containers-kubernetes-docker-swarm-amazon-ecs/}},
  year={16 Novembre 2017}
}
@misc{cloudformation,
  title = {{AWS CloudFormation}},
  howpublished = {\url{https://aws.amazon.com/fr/cloudformation/}},
  year={Juin 2018}
}
@misc{terraforms,
  title = {{Terraform}, Write Plan, and Create Infrastructure as Code},
  howpublished = {\url{https://www.terraform.io}},
  year={Juin 2018}
}
@misc{marketplace,
  title = {{AWS marketplace}},
  howpublished = {\url{https://aws.amazon.com/marketplace}},
  year={Juin 2018}
}
@misc{awsstat,
  title = {{10 companies killing it at DevOps}},
  howpublished = {\url{https://techbeacon.com/10-companies-killing-it-devops}},
  year={Juin 2018}
}
@Article{cde1,
author = {L. Chen},
title = {Continuous Delivery: Huge Benefits, but Challenges Too},
journal = {IEEE Software},
year = {2015}
}
@misc{cde2,
  title = {{What is Continuous Delivery?}},
  howpublished = {\url{https://continuousdelivery.com/2010/08/continuous-delivery-vs-continuous-deployment/}},
  year={Juin 2018},
  author = {J. Humble}
}
@misc{manifesteagile,
  title = {{Manifeste pour le développement Agile de logiciels}},
  howpublished = {\url{http://agilemanifesto.org/iso/fr/manifesto.html/}},
  year={Juin 2018},
}
@misc{popularitescrum1,
  author= {J. Subhashis},
  title = {{Why is the Scrum process so popular in the software industry?}},
  howpublished = {\url{https://www.quora.com/Why-is-the-Scrum-process-so-popular-in-the-software-industry}},
  year={19 Septembre 2018},
}
@misc{popularitescrum2,
  title = {{Why is Scrum so Popular? Why is Scrum So Successful?}},
  howpublished = {\url{https://content.intland.com/blog/agile/scrum/why-is-scrum-so-popular-why-is-scrum-so-successful}},
  year={18 Décembre 2015},
}
@misc{leanautomobile,
  author= {C. Cacheux},
  title = {{Lean Management : de la production automobile au Cloud}},
  howpublished = {\url{https://www.journaldunet.com/solutions/expert/59239/lean-management---de-la-production-automobile-au-cloud.shtml}},
  year={27 Novembre 2014},
}
@misc{sourcecompcloud,
  author= {N. Jain},
  title = {{AWS Vs Azure Vs Google: Cloud Services Comparison}},
  howpublished = {\url{https://www.whizlabs.com/blog/aws-vs-azure-vs-google/}},
  year={17 Mai 2018},
}
@misc{maven,
  title = {{Apache Maven}},
  howpublished = {\url{http://maven.apache.org}},
  year={Juin 2018},
}
@misc{devsecops,
  title = {{Manifesto DevSecOps}},
  howpublished = {\url{http://www.devsecops.org}},
  year={Juin 2018},
}
@misc{drawio,
  title = {{Draw.io}},
  howpublished = {\url{http://www.draw.io}},
  year={Juin 2018},
}
@misc{cncf,
  title = {{Cloud Native Compute Foundation}},
  howpublished = {\url{https://www.cncf.io}},
  year={Juin 2018},
}
